<?xml version="1.0" encoding="UTF-8"?><collection><record><leader>06054ntm a2200637 a 4500</leader><controlfield tag="001">006814649</controlfield><controlfield tag="003">MiAaHDL</controlfield><controlfield tag="005">20190719000000.0</controlfield><controlfield tag="006">m        d        </controlfield><controlfield tag="007">cr bn ---auaua</controlfield><controlfield tag="008">090608q18401841xx            00| ||ara d</controlfield><datafield tag="035" ind1=" " ind2=" "><subfield code="a">(MiU)006814649</subfield></datafield><datafield tag="035" ind1=" " ind2=" "><subfield code="a">sdr-miu006814649</subfield></datafield><datafield tag="040" ind1=" " ind2=" "><subfield code="a">MiU</subfield><subfield code="c">MiU</subfield><subfield code="e">amremm</subfield></datafield><datafield tag="041" ind1="1" ind2=" "><subfield code="a">per</subfield><subfield code="a">ara</subfield><subfield code="h">ara</subfield></datafield><datafield tag="043" ind1=" " ind2=" "><subfield code="a">n-us-mi</subfield></datafield><datafield tag="100" ind1="0" ind2=" "><subfield code="6">880-01</subfield><subfield code="a">Jāmī,</subfield><subfield code="d">1414-1492.</subfield></datafield><datafield tag="245" ind1="1" ind2="0"><subfield code="6">880-03</subfield><subfield code="a">[Arbaʻīn-i Jāmī ,</subfield><subfield code="f">1256, i.e. 1840 or 1841].</subfield></datafield><datafield tag="246" ind1="3" ind2=" "><subfield code="i">Title from colophon:</subfield><subfield code="a">اربعین حدیث مع ترجمه</subfield></datafield><datafield tag="246" ind1="3" ind2=" "><subfield code="6">880-04</subfield><subfield code="a">Tarjamah-ʼi manẓūm-i chihil ḥadīs̲</subfield></datafield><datafield tag="246" ind1="3" ind2=" "><subfield code="a">اربعين جامى</subfield></datafield><datafield tag="260" ind1=" " ind2=" "><subfield code="c">[1840 or 1841].</subfield></datafield><datafield tag="300" ind1=" " ind2=" "><subfield code="a">12 leaves :</subfield><subfield code="b">paper ;</subfield><subfield code="c">218 x 140 (135 x 69) mm. bound to 225 x 145 mm.</subfield></datafield><datafield tag="500" ind1=" " ind2=" "><subfield code="a">Shelfmark: Ann Arbor, University of Michigan, Special Collections Library, Isl. Ms. 432</subfield></datafield><datafield tag="500" ind1=" " ind2=" "><subfield code="a">Origin: As appears in colophon, copied by Muḥammad Zakarīyā Samarqandī with transcription completed in the year 1256 [1840 or 41].</subfield></datafield><datafield tag="500" ind1=" " ind2=" "><subfield code="a">Former shelfmark: "548 T. De M. [i.e. Tammaro De Marinis]" inscribed in pencil on recto of front flyleaf ; "233" inscribed in pencil on 'title page'.</subfield></datafield><datafield tag="500" ind1=" " ind2=" "><subfield code="a">Binding: Heavy pasteboards covered in painted lacquerwork, spine in black leather ; Type III binding (without flap) ; doublures in fine painted lacquerwork of composition evoking book cover design with central mandorla and pendants (filled with flowers and leaves in shades of pink and green on a black ground) set in a red ground with swirling floral vegetal pattern in gold and surrounded by border in black with white dots and flanking gold fillets (composition of upper doublure mirrors that of lower doublure) ; upper and lower covers bear paintings of nearly identical floral composition in mirror image to one another on an orange or bronze background, namely a central cluster of peonies, poppies, etc. with roses, poppies, buds, and other floral forms all in shades of pink and white with leaves in various shades of green, and surrounded by decorative bands with floral motifs in various sizes on bands of red and black ; sewn in pink thread, four stations ; overall in fair condition with some abrasion and losses to lacquerwork and pasteboard, text block almost fully detached from cover, etc. ; cover large for textblock and perhaps not original.</subfield></datafield><datafield tag="500" ind1=" " ind2=" "><subfield code="a">Support: Quite heavy wove paper ; surfaced dyed pale blue and pale green.</subfield></datafield><datafield tag="500" ind1=" " ind2=" "><subfield code="a">Decoration: Illuminated headpiece (ʻunwān) at opening consisting of rectangular piece with empty cartouche and flanking vegetal accents (all in gold) set between heavy gold bands and surmounted by a scalloped semi-circular piece (dome) filled with swirling floral vegetal decoration and surmounted by vertical stalks (tīgh) all in gold ; written area (and panels within) surrounded by gold rule-border ; ḥadīth text, preface and closing matter chrysographed.</subfield></datafield><datafield tag="500" ind1=" " ind2=" "><subfield code="a">Script: Nastaʻlīq ; elegant hand ; serifless with characteristic descent of words to baseline and superscripting of final words and letters ; elongation of horizontal strokes.</subfield></datafield><datafield tag="500" ind1=" " ind2=" "><subfield code="a">Layout: Written mainly in 9 lines per page, three of ḥadīth text and six of the Persian verse paraphrase with the hemistiches of four lines of verse divided and arranged on the diagonal ; written area divided to set off the ḥadīth text and elucidation ; text of preface in 8 lines per page ; frame-ruled.</subfield></datafield><datafield tag="500" ind1=" " ind2=" "><subfield code="a">Collation: V+I (12) ; quinion with added single bifolium ; catchwords present ; pagination in pencil, Western numerals, supplied during cataloguing.</subfield></datafield><datafield tag="500" ind1=" " ind2=" "><subfield code="a">Colophon: "Scribal," triangular, reads "على يد ضعيف الفقير الحقير كتبه العبد المذنب محمد زكرياى سمرقندى غفر الله تعالى ذنوبه ١٢٥۶"</subfield></datafield><datafield tag="500" ind1=" " ind2=" "><subfield code="a">Explicit: "لا يشبع المؤمن من دون جاره صدق النبي هر که در خطه مسلمانی باشد از نقد دین گر انمایه ... تمت الاربعين حديث مع ترجمه اربعینهاى سالکان جامی هست بهر وصول صدر قبول بنود از فضل حق عجیب و غریب که بدین اربعین رسی بوصول ... ما تازه گناهیم و عطای تو قدیم است"</subfield></datafield><datafield tag="500" ind1=" " ind2=" "><subfield code="a">Incipit: "صحیح ترین حدیثی که راویان مجالس دین ... اما بعد این چهل حدیث کلمه است ازان کلمات که سهولت فهم و حفظ را بنظم فارسی ترجمه گر ده مي آید امید ... لا يؤمن احدكم حتى يحب لاخيه ما يحب لنفسه هر کسی را لقب مکن مؤمن گرچه از سعی جان وتن کاهد ..."</subfield></datafield><datafield tag="500" ind1=" " ind2=" "><subfield code="a">Title supplied by cataloguer.</subfield></datafield><datafield tag="500" ind1=" " ind2=" "><subfield code="a">Ms. codex.</subfield></datafield><datafield tag="510" ind1="4" ind2=" "><subfield code="a">Cat. Pers. MSS. Brit. Mus.,</subfield><subfield code="c">p. 17</subfield></datafield><datafield tag="520" ind1="8" ind2=" "><subfield code="a">Elegant copy of Jāmī's verse paraphrase of forty ḥadīth.</subfield></datafield><datafield tag="538" ind1=" " ind2=" "><subfield code="a">Mode of access: Internet.</subfield></datafield><datafield tag="541" ind1=" " ind2=" "><subfield code="c">Purchase ;</subfield><subfield code="a">Acquired by purchase (funds donated by Horace Rackham).</subfield><subfield code="d">1924.</subfield></datafield><datafield tag="546" ind1=" " ind2=" "><subfield code="a">Arabic and Persian.</subfield></datafield><datafield tag="561" ind1=" " ind2=" "><subfield code="a">Fairly clean copy.</subfield></datafield><datafield tag="650" ind1=" " ind2="0"><subfield code="a">Manuscripts, Persian</subfield><subfield code="z">Michigan</subfield><subfield code="z">Ann Arbor.</subfield></datafield><datafield tag="650" ind1=" " ind2="0"><subfield code="a">Manuscripts, Arabic</subfield><subfield code="z">Michigan</subfield><subfield code="z">Ann Arbor.</subfield></datafield><datafield tag="650" ind1=" " ind2="0"><subfield code="a">Hadith</subfield><subfield code="v">Poetry</subfield><subfield code="v">Early works to 1800.</subfield></datafield><datafield tag="650" ind1=" " ind2="0"><subfield code="a">Hadith</subfield><subfield code="x">Criticism, interpretation, etc.</subfield><subfield code="v">Early works to 1800.</subfield></datafield><datafield tag="650" ind1=" " ind2="0"><subfield code="a">Hadith</subfield><subfield code="v">Texts</subfield><subfield code="v">Early works to 1800.</subfield></datafield><datafield tag="655" ind1=" " ind2="7"><subfield code="a">Headpieces (layout features)</subfield><subfield code="y">19th century.</subfield><subfield code="2">aat</subfield></datafield><datafield tag="700" ind1="0" ind2=" "><subfield code="a">Abdülhamid</subfield><subfield code="b">II,</subfield><subfield code="c">Sultan of the Turks,</subfield><subfield code="d">1842-1918,</subfield><subfield code="e">former owner.</subfield></datafield><datafield tag="700" ind1="0" ind2=" "><subfield code="6">880-07</subfield><subfield code="a">Muḥammad Zakarīyā Samarqandī,</subfield><subfield code="d">fl. 1840,</subfield><subfield code="e">scribe.</subfield></datafield><datafield tag="773" ind1="0" ind2=" "><subfield code="a">Abdul Hamid Collection.</subfield></datafield><datafield tag="880" ind1="0" ind2=" "><subfield code="6">700-07/</subfield><subfield code="a">محمد زكريا سمرقندى،</subfield><subfield code="e">ناسخ.</subfield></datafield><datafield tag="880" ind1="3" ind2=" "><subfield code="6">246-04/</subfield><subfield code="a">ترجمۀ منظوم چهل حدیث</subfield></datafield><datafield tag="880" ind1="1" ind2="0"><subfield code="6">245-03/</subfield><subfield code="a">[اربعین جامی,</subfield><subfield code="f">1256ه، 1840 أو 1841م].</subfield></datafield><datafield tag="880" ind1="0" ind2=" "><subfield code="6">100-01/</subfield><subfield code="a">جامي.</subfield></datafield><datafield tag="CID" ind1=" " ind2=" "><subfield code="a">006814649</subfield></datafield><datafield tag="DAT" ind1="0" ind2=" "><subfield code="a">20190719102638.0</subfield><subfield code="b">20190719000000.0</subfield></datafield><datafield tag="DAT" ind1="1" ind2=" "><subfield code="a">20190719090653.0</subfield><subfield code="b">2019-07-19T16:12:09Z</subfield></datafield><datafield tag="DAT" ind1="2" ind2=" "><subfield code="a">2015-10-02T18:00:03Z</subfield></datafield><datafield tag="CAT" ind1=" " ind2=" "><subfield code="a">SDR-MIU</subfield><subfield code="d">EX LIBRIS - ALEPH</subfield><subfield code="l">prepare.pl-004-008</subfield></datafield><datafield tag="FMT" ind1=" " ind2=" "><subfield code="a">BK</subfield></datafield><datafield tag="HOL" ind1=" " ind2=" "><subfield code="0">sdr-miu006814649</subfield><subfield code="a">MiU</subfield><subfield code="b">SDR</subfield><subfield code="c">MIU</subfield><subfield code="p">mdp.39015079129139</subfield><subfield code="s">MIU</subfield><subfield code="1">006814649</subfield></datafield><datafield tag="974" ind1=" " ind2=" "><subfield code="b">MIU</subfield><subfield code="c">MIU</subfield><subfield code="d">20190719</subfield><subfield code="s">lit-dlps-dc</subfield><subfield code="u">mdp.39015079129139</subfield><subfield code="y">1841</subfield><subfield code="r">pd</subfield><subfield code="q">bib</subfield><subfield code="t">non-US bib date2 &lt; 1879</subfield></datafield></record></collection>